@comment{x-kbibtex-personnameformatting=<%l><, %f>}

@inproceedings{Dean04mapreduce:simplified,
	author = "Dean, Jeffrey and Ghemawat, Sanjay",
	booktitle = "{OSDI{\rq}04: PROCEEDINGS OF THE 6TH CONFERENCE ON SYMPOSIUM ON OPERATING SYSTEMS DESIGN AND IMPLEMENTATION}",
	publisher = "USENIX Association",
	title = "{MapReduce: simplified data processing on large clusters}",
	year = "2004"
}

@inproceedings{Gupta:2004:MUU:1032647.1033307,
	acmid = "1033307",
	address = "Washington, DC, USA",
	author = "Gupta, Ashish and Lin, Bin and Dinda, Peter A.",
	booktitle = "{Proceedings of the 13th IEEE International Symposium on High Performance Distributed Computing}",
	doi = "10.1109/HPDC.2004.21",
	isbn = "0-7803-2175-4",
	numpages = "11",
	pages = "214--224",
	publisher = "IEEE Computer Society",
	series = "{HPDC '04}",
	title = "{Measuring and Understanding User Comfort With Resource Borrowing}",
	url = "http://dx.doi.org/10.1109/HPDC.2004.21",
	year = "2004"
}

@inproceedings{Dinda:2007:UEC:1287050.1287061,
	acmid = "1287061",
	address = "Berkeley, CA, USA",
	author = "Dinda, Peter and Memik, Gokhan and Dick, Robert and Lin, Bin and Mallik, Arindam and Gupta, Ashish and Rossoff, Samuel",
	booktitle = "{Experimental computer science on Experimental computer science}",
	location = "San Diego",
	numpages = "1",
	pages = "11--11",
	publisher = "USENIX Association",
	series = "{ecs'07}",
	title = "{The user in experimental computer systems research}",
	url = "http://dl.acm.org/citation.cfm?id=1287050.1287061",
	year = "2007"
}

@inproceedings{Kim:2008:MBM:1491261.1491574,
	acmid = "1491574",
	address = "Washington, DC, USA",
	author = "Kim, Kiyoung and Jeon, Kyungho and Han, Hyuck and Kim, Shin-gyu and Jung, Hyungsoo and Yeom, Heon Y.",
	booktitle = "{Proceedings of the 2008 14th IEEE International Conference on Parallel and Distributed Systems}",
	doi = "10.1109/ICPADS.2008.70",
	isbn = "978-0-7695-3434-3",
	keywords = "MapReduce; Benchmark; TPC-H",
	numpages = "8",
	pages = "11--18",
	publisher = "IEEE Computer Society",
	series = "{ICPADS '08}",
	title = "{MRBench: A Benchmark for MapReduce Framework}",
	url = "http://dx.doi.org/10.1109/ICPADS.2008.70",
	year = "2008"
}

@inproceedings{Borthakur:2011:AHG:1989323.1989438,
	acmid = "1989438",
	address = "New York, NY, USA",
	author = "Borthakur, Dhruba and Gray, Jonathan and Sarma, Joydeep Sen and Muthukkaruppan, Kannan and Spiegelberg, Nicolas and Kuang, Hairong and Ranganathan, Karthik and Molkov, Dmytro and Menon, Aravind and Rash, Samuel and Schmidt, Rodrigo and Aiyer, Amitanand",
	booktitle = "{Proceedings of the 2011 ACM SIGMOD International Conference on Management of data}",
	doi = "10.1145/1989323.1989438",
	isbn = "978-1-4503-0661-4",
	keywords = "HBase; data; distributed systems; hadoop; hive; scalability; scribe",
	location = "Athens, Greece",
	numpages = "10",
	pages = "1071--1080",
	publisher = "ACM",
	series = "{SIGMOD '11}",
	title = "{Apache hadoop goes realtime at Facebook}",
	url = "http://doi.acm.org/10.1145/1989323.1989438",
	year = "2011"
}

@inproceedings{Olston:2011:NCP:1989323.1989439,
	acmid = "1989439",
	address = "New York, NY, USA",
	author = "Olston, Christopher and Chiou, Greg and Chitnis, Laukik and Liu, Francis and Han, Yiping and Larsson, Mattias and Neumann, Andreas and Rao, Vellanki B.N. and Sankarasubramanian, Vijayanand and Seth, Siddharth and Tian, Chao and ZiCornell, Topher and Wang, Xiaodan",
	booktitle = "{Proceedings of the 2011 ACM SIGMOD International Conference on Management of data}",
	doi = "10.1145/1989323.1989439",
	isbn = "978-1-4503-0661-4",
	keywords = "hadoop; incremental processing; workflow",
	location = "Athens, Greece",
	numpages = "10",
	pages = "1081--1090",
	publisher = "ACM",
	series = "{SIGMOD '11}",
	title = "{Nova: continuous Pig/Hadoop workflows}",
	url = "http://doi.acm.org/10.1145/1989323.1989439",
	year = "2011"
}

@misc{hadoop_site,
	howpublished = "\url{http://hadoop.apache.org}",
	note = "Acessado em 17 de Fevereiro de 2013",
	title = "{Web Site do Hadoop}"
}

@misc{benchmarks,
	howpublished = "\url{http://www.michael-noll.com/blog/2011/04/09/benchmarking-and-stress-testing-an-hadoop-cluster-with-terasort-testdfsio-nnbench-mrbench}",
	note = "Acessado em 17 de Fevereiro de 2013",
	title = "{Descri\c{c}{\~a}o dos benchmarks utilizados}"
}

@misc{hadoop_usage,
	howpublished = "\url{http://wiki.apache.org/hadoop/PoweredBy}",
	note = "Acessado em 17 de Fevereiro de 2013",
	title = "{Lista de organiza\c{c}Ãµes que utilizam Hadoop}"
}

@misc{systemtap_site,
	howpublished = "\url{http://sourceware.org/systemtap}",
	note = "Acessado em 21 de Fevereiro de 2013",
	title = "{Web Site do Systemtap}"
}

@article{Chen:2012:IAP:2367502.2367519,
	acmid = "2367519",
	author = "Chen, Yanpei and Alspaugh, Sara and Katz, Randy",
	issn = "2150-8097",
	issue_date = "August 2012",
	journal = "Proc. VLDB Endow.",
	month = aug,
	number = "12",
	numpages = "12",
	pages = "1802--1813",
	publisher = "VLDB Endowment",
	title = "{Interactive analytical processing in big data systems: a cross-industry study of MapReduce workloads}",
	url = "http://dl.acm.org/citation.cfm?id=2367502.2367519",
	volume = "5",
	year = "2012"
}

@inproceedings{W.Strickland:2005:GAT:1078027.1078527,
	acmid = "1078527",
	address = "Washington, DC, USA",
	author = "{W. Strickland}, Jonathan and {W. Freeh}, Vincent and S.Vazhkudai, Sudharshan",
	booktitle = "{Proceedings of the Second International Conference on Automatic Computing}",
	doi = "10.1109/ICAC.2005.31",
	isbn = "0-7965-2276-9",
	numpages = "12",
	pages = "64--75",
	publisher = "IEEE Computer Society",
	series = "{ICAC '05}",
	title = "{Governor: Autonomic Throttling for Aggressive Idle Resource Scavenging}",
	url = "http://dx.doi.org/10.1109/ICAC.2005.31",
	year = "2005"
}

@article{mapreduce_johnny,
	author = "{Weslley Silva}, Johnny and Pereira, Thiago Emmanuel and Souza, Carla de Ara{\'u}jo and Brasileiro, Francisco",
	pages = "279--292",
	title = "{Computa\c{c}{\~a}o intensiva em dados com MapReduce em ambientes oportunistas }",
	url = "http://sbrc2011.facom.ufms.br/files/anais/files/main/ST06_3.pdf",
	year = "2011"
}

@inproceedings{Lin:2010:MMO:1851476.1851489,
	author = {Lin, Heshan and Ma, Xiaosong and Archuleta, Jeremy and Feng,
Wu-chun and Gardner, Mark and Zhang, Zhe},
	title = {MOON: MapReduce On Opportunistic eNvironments},
	booktitle = {Proceedings of the 19th ACM International Symposium on High
Performance Distributed Computing},
	series = {HPDC '10},
	year = {2010},
	isbn = {978-1-60558-942-8},
	location = {Chicago, Illinois},
	pages = {95--106},
	numpages = {12},
	url = {http://doi.acm.org/10.1145/1851476.1851489},
	doi = {10.1145/1851476.1851489},
	acmid = {1851489},
	publisher = {ACM},
	address = {New York, NY, USA},
	keywords = {MapReduce, cloud computing, volunteer computing},
}
